<record><leader>00000cas a2200000 a 4500</leader><controlfield tag="001">23283855</controlfield><controlfield tag="008">910322d18uu1905iluwr ne      0   a0eng c</controlfield><datafield ind1=" " ind2=" " tag="010"><subfield code="a">sn 91054569 </subfield></datafield><datafield ind1=" " ind2=" " tag="040"><subfield code="a">NVF</subfield><subfield code="b">eng</subfield><subfield code="c">NVF</subfield><subfield code="d">OCL</subfield><subfield code="d">NVF</subfield><subfield code="d">OCLCF</subfield><subfield code="d">OCLCO</subfield></datafield><datafield ind1=" " ind2=" " tag="042"><subfield code="a">pcc</subfield></datafield><datafield ind1=" " ind2=" " tag="043"><subfield code="a">n-us-il</subfield></datafield><datafield ind1="0" ind2=" " tag="130"><subfield code="a">Bunker Hill news (Bunker Hill, Ill.)</subfield></datafield><datafield ind1="1" ind2="4" tag="245"><subfield code="a">The Bunker Hill news.</subfield></datafield><datafield ind1=" " ind2=" " tag="260"><subfield code="a">Bunker Hill, Ill. :</subfield><subfield code="b">Henrichs &amp; Wulf</subfield></datafield><datafield ind1=" " ind2=" " tag="300"><subfield code="a">v.</subfield></datafield><datafield ind1=" " ind2=" " tag="310"><subfield code="a">Weekly,</subfield><subfield code="b">June 9, 1899-Feb. 3, 1905</subfield></datafield><datafield ind1=" " ind2=" " tag="321"><subfield code="a">Weekly,</subfield><subfield code="b">&lt;Sept. 4, 1897&gt;</subfield></datafield><datafield ind1=" " ind2=" " tag="321"><subfield code="a">Semiweekly,</subfield><subfield code="b">&lt;Jan. 3, 1899&gt;-June 3, 1899</subfield></datafield><datafield ind1="0" ind2=" " tag="362"><subfield code="a">-v. 18, no. 5 (Feb. 3, 1905).</subfield></datafield><datafield ind1=" " ind2=" " tag="580"><subfield code="a">Merged with: Bunker Hill gazette (Bunker Hill, Ill.), to form: Bunker Hill gazette-news.</subfield></datafield><datafield ind1=" " ind2=" " tag="588"><subfield code="a">Description based on: Vol. 9, no. 51 (Sept. 4, 1897).</subfield></datafield><datafield ind1=" " ind2="0" tag="651"><subfield code="a">Bunker Hill (Ill.)</subfield><subfield code="v">Newspapers.</subfield></datafield><datafield ind1=" " ind2="7" tag="655"><subfield code="a">Newspapers.</subfield><subfield code="2">fast</subfield><subfield code="0">(OCoLC)fst01423814</subfield></datafield><datafield ind1=" " ind2="7" tag="651"><subfield code="a">Illinois</subfield><subfield code="z">Bunker Hill.</subfield><subfield code="2">fast</subfield><subfield code="0">(OCoLC)fst01882449</subfield></datafield><datafield ind1=" " ind2=" " tag="752"><subfield code="a">United States</subfield><subfield code="b">Illinois</subfield><subfield code="c">Macoupin</subfield><subfield code="d">Bunker Hill.</subfield></datafield><datafield ind1="1" ind2="7" tag="785"><subfield code="t">Bunker Hill gazette (Bunker Hill, Ill.)</subfield><subfield code="w">(DLC)sn 85033408</subfield><subfield code="w">(OCoLC)11936595</subfield></datafield><datafield ind1="1" ind2="7" tag="785"><subfield code="t">Bunker Hill gazette-news</subfield><subfield code="w">(DLC)sn 91054570</subfield><subfield code="w">(OCoLC)23283890</subfield></datafield></record>